<?xml version="1.0" encoding="UTF-8"?><record xmlns="http://www.loc.gov/MARC21/slim" xmlns:cinclude="http://apache.org/cocoon/include/1.0" xmlns:zs="http://www.loc.gov/zing/srw/">
  <leader>00846nz  a2200181n  4500</leader>
  <controlfield tag="001">no2013024811</controlfield>
  <controlfield tag="003">DLC</controlfield>
  <controlfield tag="005">20130308103305.0</controlfield>
  <controlfield tag="008">130306n| azannaabn          |a ana     c</controlfield>
  <datafield tag="010" ind1=" " ind2=" ">
    <subfield code="a">no2013024811</subfield>
  </datafield>
  <datafield tag="035" ind1=" " ind2=" ">
    <subfield code="a">(OCoLC)oca09420320</subfield>
  </datafield>
  <datafield tag="040" ind1=" " ind2=" ">
    <subfield code="a">CSt</subfield>
    <subfield code="b">eng</subfield>
    <subfield code="e">rda</subfield>
    <subfield code="c">CSt</subfield>
  </datafield>
  <datafield tag="110" ind1="2" ind2=" ">
    <subfield code="a">Norges forskningsråd.</subfield>
    <subfield code="b">Divisjon for energi, ressurser og miljø</subfield>
  </datafield>
  <datafield tag="370" ind1=" " ind2=" ">
    <subfield code="c">Norway</subfield>
    <subfield code="e">Oslo, Norway</subfield>
  </datafield>
  <datafield tag="377" ind1=" " ind2=" ">
    <subfield code="a">eng</subfield>
    <subfield code="a">nor</subfield>
  </datafield>
  <datafield tag="410" ind1="2" ind2=" ">
    <subfield code="a">Norges forskningsråd.</subfield>
    <subfield code="b">Division for Energy, Resources and the Environment</subfield>
  </datafield>
  <datafield tag="670" ind1=" " ind2=" ">
    <subfield code="a">Norwegian climate research, 2012:</subfield>
    <subfield code="b">t.p. (The Research Council of Norway; Division for Energy, Resources and the Environment) t.p. verso (located in Oslo)</subfield>
  </datafield>
  <datafield tag="670" ind1=" " ind2=" ">
    <subfield code="a">Research Councul of Norway WWW site, March 6, 2013</subfield>
    <subfield code="b">English page (Division for Energy, Resources and the Environment) Norwegian page (Divisjon for energi, ressurser og miljø)</subfield>
  </datafield>
</record>